% ------------------------- %
%     Articles & Docs       %
% ------------------------- %

@article{dastani1,
        author = {Mehdi Dastani},
        title = {Programming Multi-Agent Systems},
        journal = {Utrecht University}
}




% ----------------- %
%       URLs        %
% ----------------- %



@misc{aws01,
	title = {{Amazon Web Services - What is (2025)}},
	howpublished = {\\\url{https://aws.amazon.com/es/what-is/api/}}
}

@misc{wiki01,
    title = {{Wikipedia - Transferencia Estado Representacional (2025)}},
    howpublished = {\\\url{https://es.wikipedia.org/wiki/Transferencia_de_Estado_Representacional}}
}

